<?xml version="1.0" encoding="UTF-8"?><collection xmlns="http://www.loc.gov/MARC21/slim"><record><leader>00542nam--2200205-u-4500</leader><controlfield tag="001">000053749</controlfield><controlfield tag="002">20161230</controlfield><controlfield tag="005">20161230201051</controlfield><controlfield tag="008">110602s1000------------r-----000-0-rus-d</controlfield><datafield ind1=" " ind2=" " tag="040"><subfield code="a">IFIN-HH</subfield></datafield><datafield ind1=" " ind2=" " tag="041"><subfield code="a">rus</subfield></datafield><datafield ind1=" " ind2=" " tag="080"><subfield code="a">536.7</subfield></datafield><datafield ind1="1" ind2=" " tag="100"><subfield code="a">Groot, S.R.De</subfield></datafield><datafield ind1="1" ind2="0" tag="245"><subfield code="a">Neravnovesnaia termodinamika</subfield><subfield code="c">S.r. de groot; p. mazur</subfield></datafield><datafield ind1=" " ind2=" " tag="260"><subfield code="a">Moskva</subfield><subfield code="b">Mir</subfield><subfield code="c">1964</subfield></datafield><datafield ind1=" " ind2=" " tag="300"><subfield code="a">456P</subfield></datafield><datafield ind1=" " ind2=" " tag="500"><subfield code="a">Titlul Original In Limba Engleza:Non-equilibrium Thermodynamics</subfield></datafield><datafield ind1="1" ind2=" " tag="700"><subfield code="a">Mazur, P</subfield></datafield><datafield ind1=" " ind2=" " tag="852"><subfield code="a">75973</subfield><subfield code="c">536.7</subfield></datafield><datafield ind1=" " ind2=" " tag="CAT"><subfield code="a">Sys</subfield><subfield code="c">20110602</subfield><subfield code="h">153600</subfield></datafield></record></collection>